<record><leader>00000cas a2200000 a 4500</leader><controlfield tag="001">11804948</controlfield><controlfield tag="008">850314d19111915ksuwr ne      0   a0eng d</controlfield><datafield ind1=" " ind2=" " tag="010"><subfield code="a">sn 85031036 </subfield></datafield><datafield ind1=" " ind2=" " tag="040"><subfield code="a">KSH</subfield><subfield code="b">eng</subfield><subfield code="c">KSH</subfield><subfield code="d">NPT</subfield><subfield code="d">OCL</subfield><subfield code="d">OCLCQ</subfield></datafield><datafield ind1=" " ind2=" " tag="042"><subfield code="a">msc</subfield></datafield><datafield ind1="0" ind2="4" tag="245"><subfield code="a">The Peabody herald.</subfield></datafield><datafield ind1=" " ind2=" " tag="260"><subfield code="a">Peabody, Kan. :</subfield><subfield code="b">C.T. Warren,</subfield><subfield code="c">-1915.</subfield></datafield><datafield ind1=" " ind2=" " tag="300"><subfield code="a">v. :</subfield><subfield code="b">ill. ;</subfield><subfield code="c">54 cm.</subfield></datafield><datafield ind1=" " ind2=" " tag="310"><subfield code="a">Weekly</subfield></datafield><datafield ind1="0" ind2=" " tag="362"><subfield code="a">-v. 5, no. 14 (Sept. 2, 1915).</subfield></datafield><datafield ind1="1" ind2=" " tag="362"><subfield code="a">Began in 1911.</subfield></datafield><datafield ind1=" " ind2=" " tag="500"><subfield code="a">Publisher varies.</subfield></datafield><datafield ind1=" " ind2=" " tag="588"><subfield code="a">Description based on: Vol. 1, no. 4 (June 29, 1911).</subfield></datafield><datafield ind1=" " ind2=" " tag="752"><subfield code="a">United States</subfield><subfield code="b">Kansas</subfield><subfield code="c">Marion</subfield><subfield code="d">Peabody.</subfield></datafield><datafield ind1="0" ind2="7" tag="785"><subfield code="t">Peabody gazette</subfield><subfield code="w">(DLC)sn 85031035</subfield></datafield><datafield ind1="0" ind2="7" tag="785"><subfield code="t">Peabody gazette-herald</subfield><subfield code="w">(DLC)sn 85031037</subfield></datafield></record>